@book{rudin_2015_real,
  author = {Rudin, Walter and Tata Mcgraw-Hill Publishing Company},
  publisher = {Mcgraw Hill Education India},
  title = {Real and complex analysis},
  year = {2015}
}

@book{bers1964partial,
  title={Partial differential equations},
  author={Bers, Lipman and John, Fritz and Schechter, Martin},
  year={1964},
  publisher={American Mathematical Soc.}
}

@book{Mik1978partial,
 title={Partial differential equations},
 author={Valentin P. Michajlov},
 year={1978},
 publisher={Mir publishers, Moscow}
}

@book{brezis2011functional,
  title={Functional analysis, Sobolev spaces and partial differential equations},
  author={Brezis, Haim and Br{\'e}zis, Haim},
  volume={2},
  number={3},
  year={2011},
  publisher={Springer}
}